<?xml version="1.0" encoding="UTF-8"?><collection xmlns="http://www.loc.gov/MARC21/slim"><record><leader>00449nam--2200157-i-4500</leader><controlfield tag="001">000043137</controlfield><controlfield tag="002">20161230</controlfield><controlfield tag="005">20170118190641</controlfield><controlfield tag="008">060222s1000------------r-----000-0-eng-d</controlfield><datafield ind1=" " ind2=" " tag="080"><subfield code="a">536.48</subfield></datafield><datafield ind1=" " ind2=" " tag="245"><subfield code="a">Superfluid Helium. A symposium sponsored jointly by St. Andrews Univ. Cambridge, Mass., August 1965</subfield></datafield><datafield ind1=" " ind2=" " tag="260"><subfield code="a">London</subfield><subfield code="b">Academic Press</subfield><subfield code="c">1966</subfield></datafield><datafield ind1=" " ind2=" " tag="300"><subfield code="a">XIV + 304 p</subfield></datafield><datafield ind1=" " ind2=" " tag="700"><subfield code="a">Allen, J. F</subfield></datafield><datafield ind1=" " ind2=" " tag="852"><subfield code="a">24660</subfield></datafield><datafield ind1=" " ind2=" " tag="CAT"><subfield code="a">SYS</subfield><subfield code="c">20170118</subfield><subfield code="h">190641</subfield></datafield></record></collection>